
@article{frisch1933,
	title = {Editor's Note},
	author = {Frisch, Ragnar},
	year = {1933},
	date = {1933},
	journal = {Econometrica},
	pages = {1--4},
	volume = {1},
	number = {1},
	url = {https://www.jstor.org/stable/1912224},
	note = {Publisher: [Wiley, Econometric Society]}
}
