
@article{frisch1933,
	title = {Editor's Note},
	author = {Frisch, Ragnar},
	year = {1933},
	date = {1933},
	journal = {Econometrica},
	pages = {1--4},
	volume = {1},
	number = {1},
	url = {https://www.jstor.org/stable/1912224},
	note = {Publisher: [Wiley, Econometric Society]}
}

@article{wright_correlation_1921,
	title = {Correlation and causation},
	volume = {20},
	journal = {J. agric. Res.},
	author = {Wright, Sewall},
	year = {1921},
	pages = {557--580}
}

@article{niles_correlation_1922,
	title = {Correlation, {Causation} and {Wright}'s {Theory} of "{Path} {Coefficients}"},
	volume = {7},
	issn = {0016-6731},
	url = {https://www.ncbi.nlm.nih.gov/pmc/articles/PMC1200533/},
	number = {3},
	urldate = {2021-01-12},
	journal = {Genetics},
	author = {Niles, Henry E.},
	month = may,
	year = {1922},
	pmid = {17245982},
	pmcid = {PMC1200533},
	pages = {258--273}
}


@book{pearl_causal_2016,
	title = {Causal inference in statistics: {A} primer},
	isbn = {1-119-18684-6},
	publisher = {John Wiley \& Sons},
	author = {Pearl, Judea and Glymour, Madelyn and Jewell, Nicholas P},
	year = {2016}
}

@book{pearl_book_2018,
	title = {The book of why: the new science of cause and effect},
	isbn = {0-465-09761-8},
	publisher = {Basic Books},
	author = {Pearl, Judea and Mackenzie, Dana},
	year = {2018}
}

@techreport{chen_regression_2013,
	address = {Rochester, NY},
	type = {{SSRN} {Scholarly} {Paper}},
	title = {Regression and {Causation}: {A} {Critical} {Examination} of {Six} {Econometrics} {Textbooks}},
	shorttitle = {Regression and {Causation}},
	url = {https://papers.ssrn.com/abstract=2338705},
	language = {en},
	number = {ID 2338705},
	urldate = {2021-01-12},
	institution = {Social Science Research Network},
	author = {Chen, Bryant and Pearl, Judea},
	month = sep,
	year = {2013},
	keywords = {SSRN, Bryant Chen, Judea Pearl, Regression and Causation: A Critical Examination of Six Econometrics Textbooks}
}

@article{imbens_potential_2020,
	title = {Potential {Outcome} and {Directed} {Acyclic} {Graph} {Approaches} to {Causality}: {Relevance} for {Empirical} {Practice} in {Economics}},
	volume = {58},
	issn = {0022-0515},
	shorttitle = {Potential {Outcome} and {Directed} {Acyclic} {Graph} {Approaches} to {Causality}},
	url = {https://www.aeaweb.org/articles?id=10.1257/jel.20191597},
	doi = {10.1257/jel.20191597},
	language = {en},
	number = {4},
	urldate = {2021-02-21},
	journal = {Journal of Economic Literature},
	author = {Imbens, Guido W.},
	month = dec,
	year = {2020},
	keywords = {Multiple or Simultaneous Equation Models: Cross-Sectional Models, Quantile Regressions, Social Interaction Models, Multiple or Simultaneous Equation Models: Instrumental Variables (IV) Estimation, Returns to Education, Spatial Models, Treatment Effect Models},
	pages = {1129--1179}
}
